<?xml version="1.0" encoding="UTF-8"?>
  <record xmlns="http://www.loc.gov/MARC21/slim" type="Authority">
    <leader>00000nz  a2200000nc 4500</leader>
    <controlfield tag="001">124885489</controlfield>
    <controlfield tag="003">DE-101</controlfield>
    <controlfield tag="005">20161020151408.0</controlfield>
    <controlfield tag="008">030804n||azznnaabn           | aaa    |c</controlfield>
    <datafield tag="024" ind1="7" ind2=" ">
      <subfield code="a">124885489</subfield>
      <subfield code="0">http://d-nb.info/gnd/124885489</subfield>
      <subfield code="2">gnd</subfield>
    </datafield>
    <datafield tag="035" ind1=" " ind2=" ">
      <subfield code="a">(DE-101)124885489</subfield>
    </datafield>
    <datafield tag="035" ind1=" " ind2=" ">
      <subfield code="a">(DE-588)124885489</subfield>
    </datafield>
    <datafield tag="035" ind1=" " ind2=" ">
      <subfield code="z">(DE-588)172547644</subfield>
    </datafield>
    <datafield tag="035" ind1=" " ind2=" ">
      <subfield code="z">(DE-588a)172547644</subfield>
      <subfield code="9">v:zg</subfield>
    </datafield>
    <datafield tag="035" ind1=" " ind2=" ">
      <subfield code="z">(DE-588a)124885489</subfield>
      <subfield code="9">v:zg</subfield>
    </datafield>
    <datafield tag="035" ind1=" " ind2=" ">
      <subfield code="z">(DE-588c)7715875-1</subfield>
      <subfield code="9">v:zg</subfield>
    </datafield>
    <datafield tag="040" ind1=" " ind2=" ">
      <subfield code="a">DE-547</subfield>
      <subfield code="c">DE-547</subfield>
      <subfield code="9">r:DE-601</subfield>
      <subfield code="b">ger</subfield>
      <subfield code="d">0018</subfield>
    </datafield>
    <datafield tag="042" ind1=" " ind2=" ">
      <subfield code="a">gnd1</subfield>
    </datafield>
    <datafield tag="043" ind1=" " ind2=" ">
      <subfield code="c">XA-NL</subfield>
    </datafield>
    <datafield tag="065" ind1=" " ind2=" ">
      <subfield code="a">3.1p</subfield>
      <subfield code="2">sswd</subfield>
    </datafield>
    <datafield tag="075" ind1=" " ind2=" ">
      <subfield code="b">p</subfield>
      <subfield code="2">gndgen</subfield>
    </datafield>
    <datafield tag="075" ind1=" " ind2=" ">
      <subfield code="b">piz</subfield>
      <subfield code="2">gndspec</subfield>
    </datafield>
    <datafield tag="079" ind1=" " ind2=" ">
      <subfield code="a">g</subfield>
      <subfield code="q">a</subfield>
      <subfield code="q">f</subfield>
      <subfield code="q">s</subfield>
    </datafield>
    <datafield tag="100" ind1="1" ind2=" ">
      <subfield code="a">Leon, Yaʿaqov Yehûdā</subfield>
      <subfield code="d">1603-1675</subfield>
    </datafield>
    <datafield tag="375" ind1=" " ind2=" ">
      <subfield code="a">1</subfield>
      <subfield code="2">iso5218</subfield>
    </datafield>
    <datafield tag="400" ind1="1" ind2=" ">
      <subfield code="a">Leon, Yaʿaqov Y.</subfield>
      <subfield code="d">1603-1675</subfield>
    </datafield>
    <datafield tag="400" ind1="1" ind2=" ">
      <subfield code="a">Lêʾôn, Yaʿaqôv Yehûdā Aryē</subfield>
      <subfield code="d">1603-1675</subfield>
    </datafield>
    <datafield tag="400" ind1="1" ind2=" ">
      <subfield code="a">Leon, Yaacob Yehuda</subfield>
      <subfield code="d">1603-1675</subfield>
    </datafield>
    <datafield tag="400" ind1="1" ind2=" ">
      <subfield code="a">Leone, Jakob Judah</subfield>
      <subfield code="d">1603-1675</subfield>
    </datafield>
    <datafield tag="400" ind1="1" ind2=" ">
      <subfield code="a">Leone, Jacob Jehuda</subfield>
      <subfield code="d">1603-1675</subfield>
    </datafield>
    <datafield tag="400" ind1="0" ind2=" ">
      <subfield code="a">Yaʿaqôv Yehûdā Aryē Lêʾôn</subfield>
      <subfield code="d">1603-1675</subfield>
    </datafield>
    <datafield tag="400" ind1="0" ind2=" ">
      <subfield code="a">Jacobus Jehuda Leon</subfield>
      <subfield code="d">1603-1675</subfield>
    </datafield>
    <datafield tag="400" ind1="0" ind2=" ">
      <subfield code="a">Jacob Judah Aryeh</subfield>
      <subfield code="d">1603-1675</subfield>
    </datafield>
    <datafield tag="400" ind1="1" ind2=" ">
      <subfield code="a">Jehuda Leone, Jacob</subfield>
      <subfield code="d">1603-1675</subfield>
    </datafield>
    <datafield tag="400" ind1="1" ind2=" ">
      <subfield code="a">Lêôn, Ya-aqôv Yehuda</subfield>
      <subfield code="d">1603-1675</subfield>
    </datafield>
    <datafield tag="400" ind1="1" ind2=" ">
      <subfield code="a">Lêôn, Ya-aqôv Y.</subfield>
      <subfield code="d">1603-1675</subfield>
    </datafield>
    <datafield tag="400" ind1="1" ind2=" ">
      <subfield code="a">Yehuda Lêôn, Ya-aqôv</subfield>
      <subfield code="d">1603-1675</subfield>
    </datafield>
    <datafield tag="400" ind1="1" ind2=" ">
      <subfield code="a">Jehuda Leon, Jacob</subfield>
      <subfield code="d">1603-1675</subfield>
    </datafield>
    <datafield tag="400" ind1="1" ind2=" ">
      <subfield code="a">Arie, Jacob Jehuda</subfield>
      <subfield code="d">1603-1675</subfield>
    </datafield>
    <datafield tag="400" ind1="1" ind2=" ">
      <subfield code="a">Arje, Juda</subfield>
      <subfield code="d">1603-1675</subfield>
    </datafield>
    <datafield tag="400" ind1="0" ind2=" ">
      <subfield code="a">Jacobus</subfield>
      <subfield code="c">Leonitius</subfield>
      <subfield code="d">1603-1675</subfield>
    </datafield>
    <datafield tag="400" ind1="1" ind2=" ">
      <subfield code="a">Jacovus, Leonitius</subfield>
      <subfield code="d">1603-1675</subfield>
    </datafield>
    <datafield tag="400" ind1="1" ind2=" ">
      <subfield code="a">Templo, Jacob Jehuda Leon</subfield>
      <subfield code="d">1603-1675</subfield>
    </datafield>
    <datafield tag="400" ind1="1" ind2=" ">
      <subfield code="a">Jacob Jehuda Leon, ...</subfield>
      <subfield code="d">1603-1675</subfield>
    </datafield>
    <datafield tag="400" ind1="1" ind2=" ">
      <subfield code="a">Lêʾôn, Yaʿaqôv Yehûdā</subfield>
      <subfield code="d">1603-1675</subfield>
    </datafield>
    <datafield tag="400" ind1="1" ind2=" ">
      <subfield code="a">Leo, Jacob Jehuda</subfield>
      <subfield code="d">1603-1675</subfield>
    </datafield>
    <datafield tag="400" ind1="1" ind2=" ">
      <subfield code="a">Leon, Jacobus Jehuda</subfield>
      <subfield code="d">1603-1675</subfield>
    </datafield>
    <datafield tag="400" ind1="1" ind2=" ">
      <subfield code="a">Leo, Jacobus Juda</subfield>
      <subfield code="d">1603-1675</subfield>
    </datafield>
    <datafield tag="400" ind1="1" ind2=" ">
      <subfield code="a">Leo, Jacob Juda</subfield>
      <subfield code="d">1603-1675</subfield>
    </datafield>
    <datafield tag="400" ind1="1" ind2=" ">
      <subfield code="a">Leo, Jacobus J.</subfield>
      <subfield code="d">1603-1675</subfield>
    </datafield>
    <datafield tag="400" ind1="1" ind2=" ">
      <subfield code="a">Leon, Jacob Jehuda</subfield>
      <subfield code="d">1603-1675</subfield>
    </datafield>
    <datafield tag="400" ind1="1" ind2=" ">
      <subfield code="a">Leon, Jacob Jeuda</subfield>
      <subfield code="d">1603-1675</subfield>
    </datafield>
    <datafield tag="400" ind1="1" ind2=" ">
      <subfield code="a">Leon, Jacobus J.</subfield>
      <subfield code="d">1603-1675</subfield>
    </datafield>
    <datafield tag="400" ind1="1" ind2=" ">
      <subfield code="a">Leon Templo, Jacob Jehuda</subfield>
      <subfield code="d">1603-1675</subfield>
    </datafield>
    <datafield tag="400" ind1="1" ind2=" ">
      <subfield code="a">Leone, Jacob J.</subfield>
      <subfield code="d">1603-1675</subfield>
    </datafield>
    <datafield tag="400" ind1="1" ind2=" ">
      <subfield code="a">Leon, Jacob J.</subfield>
      <subfield code="d">1603-1675</subfield>
    </datafield>
    <datafield tag="400" ind1="1" ind2=" ">
      <subfield code="a">Leon, Yaacob Y.</subfield>
      <subfield code="d">1603-1675</subfield>
    </datafield>
    <datafield tag="400" ind1="1" ind2=" ">
      <subfield code="a">Arie, Jacob J.</subfield>
      <subfield code="d">1603-1675</subfield>
    </datafield>
    <datafield tag="400" ind1="1" ind2=" ">
      <subfield code="a">Arie Leo, Jacob J.</subfield>
      <subfield code="d">1603-1675</subfield>
    </datafield>
    <datafield tag="400" ind1="1" ind2=" ">
      <subfield code="a">Yeuda Leon, Yaacob</subfield>
      <subfield code="d">1603-1675</subfield>
    </datafield>
    <datafield tag="400" ind1="1" ind2=" ">
      <subfield code="a">Jehuda Leon, Jacobus</subfield>
      <subfield code="d">1603-1675</subfield>
    </datafield>
    <datafield tag="400" ind1="1" ind2=" ">
      <subfield code="a">Jehuda Leo, Jacobus</subfield>
      <subfield code="d">1603-1675</subfield>
    </datafield>
    <datafield tag="400" ind1="1" ind2=" ">
      <subfield code="a">Juda, Jacobus</subfield>
      <subfield code="d">1603-1675</subfield>
    </datafield>
    <datafield tag="400" ind1="1" ind2=" ">
      <subfield code="a">Jacob Juda Leon, ...</subfield>
      <subfield code="d">1603-1675</subfield>
    </datafield>
    <datafield tag="400" ind1="1" ind2=" ">
      <subfield code="a">Lyon, Jacob Juda</subfield>
      <subfield code="d">1603-1675</subfield>
    </datafield>
    <datafield tag="400" ind1="1" ind2=" ">
      <subfield code="a">Leonitius, Jacob</subfield>
      <subfield code="d">1603-1675</subfield>
    </datafield>
    <datafield tag="400" ind1="1" ind2=" ">
      <subfield code="a">Leone, Jakob J.</subfield>
      <subfield code="d">1603-1675</subfield>
    </datafield>
    <datafield tag="400" ind1="1" ind2=" ">
      <subfield code="a">Leone, Jakob Jehuda</subfield>
      <subfield code="d">1603-1675</subfield>
    </datafield>
    <datafield tag="400" ind1="1" ind2=" ">
      <subfield code="a">Leon, Jacob</subfield>
      <subfield code="d">1603-1675</subfield>
    </datafield>
    <datafield tag="400" ind1="1" ind2=" ">
      <subfield code="a">Templo, Jacob Judah Aryeh Leon</subfield>
      <subfield code="d">1603-1675</subfield>
    </datafield>
    <datafield tag="400" ind1="1" ind2=" ">
      <subfield code="a">Leon Templo, Jacob Judah Aryeh</subfield>
      <subfield code="d">1603-1675</subfield>
    </datafield>
    <datafield tag="400" ind1="0" ind2=" ">
      <subfield code="a">Jacob Jehudah Leon</subfield>
      <subfield code="d">1603-1675</subfield>
    </datafield>
    <datafield tag="400" ind1="1" ind2=" ">
      <subfield code="a">Arie Leo, Jacob Jehuda</subfield>
      <subfield code="d">1603-1675</subfield>
    </datafield>
    <datafield tag="400" ind1="1" ind2=" ">
      <subfield code="a">Leo, Jacobus Jehuda</subfield>
      <subfield code="d">1603-1675</subfield>
    </datafield>
    <datafield tag="400" ind1="1" ind2=" ">
      <subfield code="a">Leon, Jaacob Jehuda</subfield>
      <subfield code="d">1603-1675</subfield>
    </datafield>
    <datafield tag="400" ind1="1" ind2=" ">
      <subfield code="a">Leon, Jacob Judah</subfield>
      <subfield code="d">1603-1675</subfield>
    </datafield>
    <datafield tag="400" ind1="1" ind2=" ">
      <subfield code="a">Arieh, Jacob Juda</subfield>
      <subfield code="d">1603-1675</subfield>
    </datafield>
    <datafield tag="400" ind1="1" ind2=" ">
      <subfield code="a">Arje, Jacob Jehuda</subfield>
      <subfield code="d">1603-1675</subfield>
    </datafield>
    <datafield tag="400" ind1="1" ind2=" ">
      <subfield code="a">Leon, Giacobbe</subfield>
      <subfield code="d">1603-1675</subfield>
    </datafield>
    <datafield tag="500" ind1="0" ind2=" ">
      <subfield code="0">(DE-101)1116642751</subfield>
      <subfield code="0">(DE-588)1116642751</subfield>
      <subfield code="0">https://d-nb.info/gnd/1116642751</subfield>
      <subfield code="a">Shelomoh Yehudah Leʾon</subfield>
      <subfield code="d">ca. 1733</subfield>
      <subfield code="4">bezf</subfield>
      <subfield code="4">https://d-nb.info/standards/elementset/gnd#familialRelationship</subfield>
      <subfield code="w">r</subfield>
      <subfield code="i">Beziehung familiaer</subfield>
      <subfield code="e">Beziehung familiaer</subfield>
      <subfield code="9">v:Sohn</subfield>
    </datafield>
    <datafield tag="548" ind1=" " ind2=" ">
      <subfield code="a">1603-1675</subfield>
      <subfield code="4">datl</subfield>
      <subfield code="4">https://d-nb.info/standards/elementset/gnd#dateOfBirthAndDeath</subfield>
      <subfield code="w">r</subfield>
      <subfield code="i">Lebensdaten</subfield>
    </datafield>
    <datafield tag="550" ind1=" " ind2=" ">
      <subfield code="0">(DE-101)041767519</subfield>
      <subfield code="0">(DE-588)4176751-2</subfield>
      <subfield code="0">https://d-nb.info/gnd/4176751-2</subfield>
      <subfield code="a">Rabbiner</subfield>
      <subfield code="4">berc</subfield>
      <subfield code="4">https://d-nb.info/standards/elementset/gnd#professionOrOccupation</subfield>
      <subfield code="w">r</subfield>
      <subfield code="i">Charakteristischer Beruf</subfield>
    </datafield>
    <datafield tag="667" ind1=" " ind2=" ">
      <subfield code="a">12</subfield>
    </datafield>
    <datafield tag="667" ind1=" " ind2=" ">
      <subfield code="a">7</subfield>
    </datafield>
    <datafield tag="667" ind1=" " ind2=" ">
      <subfield code="a">VD-17</subfield>
    </datafield>
    <datafield tag="667" ind1=" " ind2=" ">
      <subfield code="a">Zahlreiche weitere Varianten in PND und CERL</subfield>
      <subfield code="5">CH-ZuETHN</subfield>
    </datafield>
    <datafield tag="670" ind1=" " ind2=" ">
      <subfield code="a">LoC</subfield>
    </datafield>
    <datafield tag="672" ind1=" " ind2="0">
      <subfield code="a">De templo hierosolymitano, tam priori, quod aedificavit Salomo rex, qua*. - 1665</subfield>
    </datafield>
    <datafield tag="672" ind1=" " ind2="0">
      <subfield code="a">A relation of most memorable thinges in the Tabernacle of Moses. - 1675</subfield>
    </datafield>
    <datafield tag="672" ind1=" " ind2="0">
      <subfield code="a">De Templo hierosolymitano. - 1663</subfield>
    </datafield>
    <datafield tag="672" ind1=" " ind2="0">
      <subfield code="a">Tratado de los Cherubim que estavan sobre le Arca del Testamento ...</subfield>
    </datafield>
    <datafield tag="678" ind1=" " ind2=" ">
      <subfield code="b">Niederländ. Rabbiner</subfield>
    </datafield>
    <datafield tag="678" ind1=" " ind2=" ">
      <subfield code="b">Rabbiner</subfield>
    </datafield>
    <datafield tag="700" ind1="1" ind2="4">
      <subfield code="9">U:Hebr</subfield>
      <subfield code="a">לאון, יעקב יהודה</subfield>
      <subfield code="d">1603-1675</subfield>
      <subfield code="5">DE-576</subfield>
      <subfield code="9">v:Original</subfield>
    </datafield>
    <datafield tag="913" ind1=" " ind2=" ">
      <subfield code="S">pnd</subfield>
      <subfield code="i">a</subfield>
      <subfield code="a">Leon, Yaʿaqov Yehûdā</subfield>
      <subfield code="0">(DE-588a)124885489</subfield>
    </datafield>
    <datafield tag="913" ind1=" " ind2=" ">
      <subfield code="S">pnd</subfield>
      <subfield code="i">a</subfield>
      <subfield code="a">Lêôn, Ya-aqôv Yehuda</subfield>
      <subfield code="0">(DE-588a)172547644</subfield>
    </datafield>
  </record>
